<?xml version="1.0" encoding="UTF-8"?><collection xmlns="http://www.loc.gov/MARC21/slim"><record><leader>00322nam--2200133-i-4500</leader><controlfield tag="001">000023008</controlfield><controlfield tag="002">20161230</controlfield><controlfield tag="005">20161230201034</controlfield><controlfield tag="008">060222s1000------------r-----000-0-eng-d</controlfield><datafield ind1=" " ind2=" " tag="080"><subfield code="a">621.396.67</subfield></datafield><datafield ind1=" " ind2=" " tag="100"><subfield code="a">Groll, Horst</subfield></datafield><datafield ind1=" " ind2=" " tag="245"><subfield code="a">Mikrowellen messtechnik</subfield></datafield><datafield ind1=" " ind2=" " tag="260"><subfield code="a">Berlin, Veb Verlag Technik, 1969. 397p</subfield></datafield><datafield ind1=" " ind2=" " tag="852"><subfield code="a">33526</subfield></datafield></record></collection>